<?xml version="1.0" encoding="UTF-8"?><collection xmlns="http://www.loc.gov/MARC21/slim"><record><leader>00647nam--2200193-i-4500</leader><controlfield tag="001">000016632</controlfield><controlfield tag="002">20161230</controlfield><controlfield tag="005">20161230201031</controlfield><controlfield tag="008">060222s1000------------r-----000-0-rum-d</controlfield><datafield ind1=" " ind2=" " tag="040"><subfield code="a">IFIN-HH</subfield></datafield><datafield ind1=" " ind2=" " tag="041"><subfield code="a">rum</subfield></datafield><datafield ind1=" " ind2=" " tag="080"><subfield code="a">536.7(043)</subfield></datafield><datafield ind1="1" ind2=" " tag="100"><subfield code="a">Cristescu, Ioana Ruxandra</subfield></datafield><datafield ind1="1" ind2="0" tag="245"><subfield code="a">Studiul echilibrului termodinamic a sistemului bifazic-gaz-lichid in procesele de separare a izotopilor hidrogenului</subfield><subfield code="b">Teza</subfield><subfield code="c">Ioana ruxandra cristescu</subfield></datafield><datafield ind1=" " ind2=" " tag="260"><subfield code="a">Bucuresti</subfield><subfield code="b">Institutul De Fizica Atomica</subfield><subfield code="c">1997</subfield></datafield><datafield ind1=" " ind2=" " tag="300"><subfield code="a">97 P</subfield></datafield><datafield ind1=" " ind2=" " tag="502"><subfield code="a">Conducator Stiintific: Acad. Prof. Dr. Marius Peculea</subfield></datafield><datafield ind1=" " ind2=" " tag="852"><subfield code="a">80825</subfield><subfield code="c">536.7</subfield></datafield><datafield ind1=" " ind2=" " tag="CAT"><subfield code="a">Sys</subfield><subfield code="c">20110603</subfield><subfield code="h">135132</subfield></datafield></record></collection>